@article{Abbink2002Experimental,
	author = {Abbink, Klaus and Irlenbusch, Bernd and Renner, Elke},
	booktitle = {Journal of Law, Economics, and Organization},
	doi = {10.1093/jleo/18.2.428},
	issn = 14657341,
	journal = {Journal of Law, Economics, and Organization},
	keywords = {HB Economic Theory},
	number = 2,
	pages = {428-454},
	title = {An experimental bribery game},
	url = {http://eprints.lse.ac.uk/16172/},
	volume = 18,
	year = 2002
}

@article{Galizzi2015On,
	author = {Galizzi, Matteo M. and Navarro-MartÃ-nez, Daniel},
	booktitle = {Working Papers},
	journal = {Working Papers},
	keywords = {experimental games,external validity,field behavior,social preferences},
	number = {January},
	pages = {1-36},
	title = {On the External Validity of Social Preference Games: A Systematic Lab-Field Study},
	volume = 2015,
	year = 2015
}

@article{Banerjee2016On,
	annote = {Sense of entitlement wichtig.{	extless}br/{	extgreater}Wir: Wie entsteht der?{	extless}br/{	extgreater}-\&gt; Durch gutes Handeln kann man sich den z.B. verdienen},
	author = {Banerjee, Ritwik},
	booktitle = {Experimental Economics},
	doi = {10.1007/s10683-015-9436-1},
	issn = 13864157,
	journal = {Experimental Economics},
	keywords = {Corruption,External validity,Framing effects,Social norms},
	number = 1,
	pages = {240-267},
	publisher = {Springer US},
	title = {On the interpretation of bribery in a laboratory corruption game: moral frames and social norms},
	volume = 19,
	year = 2016
}

@article{Svensson2005Eight,
	author = {Svensson, Jakob},
	booktitle = {Journal of Economic Perspectives},
	doi = {10.1257/089533005774357860},
	issn = {0895-3309},
	journal = {Journal of Economic Perspectives},
	number = 3,
	pages = {19-42},
	title = {Eight Questions about Corruption},
	url = {http://pubs.aeaweb.org/doi/10.1257/089533005774357860},
	volume = 19,
	year = 2005
}

@article{Mauro1995Corruption,
	author = {Mauro, P.},
	booktitle = {The Quarterly Journal of Economics},
	doi = {10.2307/2946696},
	issn = {0033-5533},
	journal = {The Quarterly Journal of Economics},
	number = 3,
	pages = {681-712},
	title = {Corruption and Growth},
	url = {https://academic.oup.com/qje/article-lookup/doi/10.2307/2946696},
	volume = 110,
	year = 1995
}

@article{Dreher2005Economic,
	author = {Dreher, Axel and Herzfeld, Thomas},
	booktitle = {Public Economics},
	doi = {10.2139/ssrn.734184},
	issn = {1556-5068},
	journal = {Public Economics},
	number = 6,
	pages = {773-796},
	title = {Economic costs of corruption: A survey and new evidence},
	url = {http://papers.ssrn.com/abstract=734184%5Cnhttp://papers.ssrn.com/sol3/papers.cfm?abstract_id=734184%5Cnhttp://www.researchgate.net/publication/23749289_The_Economic_Costs_of_Corruption_A_Survey_and_New_Evidence/file/9fcfd50ea7310eb25f.pdf},
	volume = 16,
	year = 2005
}

@article{Bandiera2009Active,
	author = {Bandiera, Oriana and Prat, Andrea and Valletti, Tommaso},
	booktitle = {American Economic Review},
	doi = {10.1257/aer.99.4.1278},
	issn = 00028282,
	journal = {American Economic Review},
	number = 4,
	pages = {1278-1308},
	title = {Active and passive waste in government spending: Evidence from a policy experiment},
	volume = 99,
	year = 2009
}

@article{Serra2006Empirical,
	author = {Serra, Danila},
	booktitle = {Public Choice},
	doi = {10.1007/s11127-006-0286-4},
	issn = 00485829,
	journal = {Public Choice},
	number = {1-2},
	pages = {225-256},
	title = {Empirical determinants of corruption: A sensitivity analysis},
	volume = 126,
	year = 2006
}

@article{Fischbacher2013Lies,
	author = {Fischbacher, Urs and Föllmi-Heusi, Franziska},
	booktitle = {Journal of the European Economic Association},
	doi = {10.1111/jeea.12014},
	issn = 15424766,
	journal = {Journal of the European Economic Association},
	number = 3,
	pages = {525-547},
	title = {Lies in disguise-an experimental study on cheating},
	volume = 11,
	year = 2013
}

@article{Fischbacher2007ZTree,
	author = {Fischbacher, Urs},
	booktitle = {Experimental Economics},
	doi = {10.1007/s10683-006-9159-4},
	issn = 13864157,
	journal = {Experimental Economics},
	keywords = {Experiment,Experimental software},
	number = 2,
	pages = {171-178},
	title = {Z-Tree: Zurich toolbox for ready-made economic experiments},
	volume = 10,
	year = 2007
}
